@article{sample-article,
  title        = {Sample Title},
  shorttitle   = {Sample Title},
  abstract     = {Sample abstract.},
  journaltitle = {Journal Title},
  shortjournal = {Journ. Tit.},
  author       = {Author 1, Author 2},
  urldate      = {2025-04-28},
  date         = {2024-06-14},
  note         = {Publisher: Journal},
  keywords     = {{Samle}, Sample}
}